@online{gitmostused,
  author = {Stackoverflow},
  title  = {Developer Survey},
  date   = {2022-05},
  url    = {https://survey.stackoverflow.co/2022/#section-version-control-version-control-systems}
}
@online{collisionprob,
  author = {Toponce, Aron},
  title  = {The Reality of SHA1},
  date   = {2014-03-06},
  url    = {https://pthree.org/2014/03/06/the-reality-of-sha1/}
}
@article{traversaltime,
  doi       = {10.1093/bioinformatics/btt549},
  url       = {https://www.ncbi.nlm.nih.gov/pmc/articles/PMC3842757/},
  year      = {2013},
  month     = oct,
  publisher = {Oxford University Press ({OUP})},
  volume    = {29},
  number    = {24},
  pages     = {3107--3108},
  author    = {Christian Theil Have and Lars Juhl Jensen},
  title     = {Are graph databases ready for bioinformatics?},
  journal   = {Bioinformatics}
}
@book{sha1collision,
  author = {Stevens, Marc},
  title  = {Attacks on Hash Functions and Applications},
  date   = {2012-06-19}
}
@manual{gitdocs,
  author = {Git},
  title  = {Git Documentation},
  date   = {2021-05-01},
  url    = {https://git-scm.com/docs}
}
@manual{gitmodes,
  author  = {Git},
  title   = {Git Documentation},
  date    = {2021-05-01},
  chapter = {The Git index file},
  url     = {https://git-scm.com/docs/index-format}
}
@manual{gitdocsauthcomm,
  author    = {Git},
  booktitle = {Pro Git},
  publisher = {APress},
  edition   = 2,
  month     = nov,
  year      = 2014,
  address   = {Berlin, Germany},
  language  = {en},
  url       = {https://git-scm.com/book/en/v2/Git-Basics-Viewing-the-Commit-History},
  chapter   = {2.3}
}
@misc{db-engines_2022,
  title   = {DB-Engines Ranking of Graph DBMS},
  url     = {https://db-engines.com/en/ranking/graph+dbms},
  journal = {DB-engines},
  year    = {2022}
} 
@online{neo4jgit,
  title = {Neo4j},
  url   = {https://github.com/neo4j/neo4j}
}